<record><leader>00000cas a22000007a 4500</leader><controlfield tag="001">21438892</controlfield><controlfield tag="008">900427d19101916mouwr ne      0    0eng d</controlfield><datafield ind1=" " ind2=" " tag="010"><subfield code="a">sn 90061686 </subfield></datafield><datafield ind1=" " ind2=" " tag="040"><subfield code="a">MQN</subfield><subfield code="b">eng</subfield><subfield code="c">MQN</subfield><subfield code="d">OCLCQ</subfield></datafield><datafield ind1=" " ind2=" " tag="042"><subfield code="a">msc</subfield></datafield><datafield ind1="0" ind2="0" tag="245"><subfield code="a">St. James Republican.</subfield></datafield><datafield ind1="3" ind2="0" tag="246"><subfield code="a">Saint James Republican</subfield></datafield><datafield ind1=" " ind2=" " tag="260"><subfield code="a">St. James, Mo. :</subfield><subfield code="b">Republican Print. Co.</subfield></datafield><datafield ind1=" " ind2=" " tag="300"><subfield code="a">v.</subfield></datafield><datafield ind1=" " ind2=" " tag="310"><subfield code="a">Weekly</subfield></datafield><datafield ind1="1" ind2=" " tag="362"><subfield code="a">Ceased in 1916?</subfield></datafield><datafield ind1="0" ind2=" " tag="362"><subfield code="a">Vol. 1, no. 1 (Mar. 16, 1910)-</subfield></datafield><datafield ind1=" " ind2="4" tag="651"><subfield code="a">Saint James (Mo.)</subfield><subfield code="v">Newspapers.</subfield></datafield><datafield ind1=" " ind2=" " tag="752"><subfield code="a">United States</subfield><subfield code="b">Missouri</subfield><subfield code="c">Phelps</subfield><subfield code="d">Saint James.</subfield></datafield><datafield ind1="0" ind2="5" tag="780"><subfield code="t">Progressive news (Saint James, Mo.)</subfield><subfield code="w">(DLC)sn 90061687</subfield></datafield><datafield ind1="1" ind2=" " tag="029"><subfield code="a">AU@</subfield><subfield code="b">000025854772</subfield></datafield></record>